<?xml version="1.0" encoding="UTF-8"?><collection xmlns="http://www.loc.gov/MARC21/slim"><record><leader>00429nam--2200133-i-4500</leader><controlfield tag="001">000042979</controlfield><controlfield tag="002">20161230</controlfield><controlfield tag="005">20161230201043</controlfield><controlfield tag="008">060222s1000------------r-----000-0-eng-d</controlfield><datafield ind1=" " ind2=" " tag="080"><subfield code="a">621.039.57</subfield></datafield><datafield ind1=" " ind2=" " tag="100"><subfield code="a">Stoica,Mihail Adinel V</subfield></datafield><datafield ind1=" " ind2=" " tag="245"><subfield code="a">Criterrii pentru optimizarea introducerii in sistemul energetic a reactorilor cu cicluri de conversie imbunatatite. teza</subfield></datafield><datafield ind1=" " ind2=" " tag="260"><subfield code="a">Bucuresti, Icf, 1984. 184 P</subfield></datafield><datafield ind1=" " ind2=" " tag="852"><subfield code="a">621.039.003(043)</subfield></datafield></record></collection>